@preamble{ "\newcommand{\noopsort}[1]{} "
	# "\newcommand{\printfirst}[2]{#1} "
	# "\newcommand{\singleletter}[1]{#1} "
	# "\newcommand{\switchargs}[2]{#2#1} " }

@article{nellore2016rail,
  title={Rail-RNA: scalable analysis of RNA-seq splicing and coverage},
  author={Nellore, Abhinav and Collado-Torres, Leonardo and Jaffe, Andrew E and Alquicira-Hern{\'a}ndez, Jos{\'e} and Wilks, Christopher and Pritt, Jacob and Morton, James and Leek, Jeffrey T and Langmead, Ben},
  journal={Bioinformatics},
  volume={33},
  number={24},
  pages={4033--4040},
  year={2016},
  publisher={Oxford University Press}
}

@article{kanehisa2000kegg,
  title={KEGG: kyoto encyclopedia of genes and genomes},
  author={Kanehisa, Minoru and Goto, Susumu},
  journal={Nucleic acids research},
  volume={28},
  number={1},
  pages={27--30},
  year={2000},
  publisher={Oxford University Press}
}

@article{collado2017reproducible,
  title={Reproducible RNA-seq analysis using recount2},
  author={Collado-Torres, Leonardo and Nellore, Abhinav and Kammers, Kai and Ellis, Shannon E and Taub, Margaret A and Hansen, Kasper D and Jaffe, Andrew E and Langmead, Ben and Leek, Jeffrey T},
  journal={Nature biotechnology},
  volume={35},
  number={4},
  pages={319},
  year={2017},
  publisher={Nature Publishing Group}
}


@article{lonsdale2013genotype,
  title={The genotype-tissue expression (GTEx) project},
  author={Lonsdale, John and Thomas, Jeffrey and Salvatore, Mike and Phillips, Rebecca and Lo, Edmund and Shad, Saboor and Hasz, Richard and Walters, Gary and Garcia, Fernando and Young, Nancy and others},
  journal={Nature genetics},
  volume={45},
  number={6},
  pages={580},
  year={2013},
  publisher={Nature Publishing Group}
}

@article{clanok,
    title = 	{Názov článku z časopisu},
    author =	{X. Autor1 and Y. Autor2},
    journal = {Názov časopisu, ktorý článok uverejnil},
    volume = {4},
    number = {3},
    year = {1900},
    pages = {1-100},
}

@Book{kniha,
    author ={X. Autor1 and Y. Autor2},
    title =        {Názov knihy},
    publisher =    {Vydavateľstvo},
    year =         {1900},
}


@techreport{technical_report,
    author =	{X. Autor1 and Y. Autor2},
    title= {Názov technickej správy},
    year={June 1999},
    institution = {Inštitút vydávajúci správu},
    number = {TR123/1999}
}

@inproceedings{clanok_na_konferencii,
    author =	{X. Autor1 and Y. Autor2},
    title = {Názov článku (väčšinou z konferencie)},
    booktitle = {Názov zborníka (väčšinou názov konferencie spolu s ročníkom)},
    year = {1900},
    pages = {1-100},
    url = {http://xxx.yyy.com},
}    

@misc{tcga,
title={The Cancer Genome Atlas Program},
author={National Cancer Institute},
note={\url{https://www.cancer.gov/about-nci/organization/ccg/research/structural-genomics/tcga}}
}

@misc{pytorch,
title={Why AI and machine learning researchers are beginning to embrace PyTorch},
author={Ben Lorica},
note={\url{https://www.oreilly.com/ideas/why-ai-and-machine-learning-researchers-are-beginning-to-embrace-pytorch}}
}
 
@misc{pytorch2,
title={Keras or PyTorch as your first deep learning framework},
author={Piotr Migdal},
note={\url{https://deepsense.ai/keras-or-pytorch/}}
} 
   
@misc{smernica,
 title={Vnútorný predpis č. 12/2013,
Smernica rektora {U}niverzity {K}omenského v {B}ratislave
o základných náležitostiach záverečných prác, rigoróznych 
prác a habilitačných prác, kontrole ich  originality, 
uchovávaní a sprístupňovaní  na {U}niverzite {K}omenského v {B}ratislave},
 author={{Univerzita Komenského v Bratislave}},
 year={2013},
 note={\url{https://uniba.sk/fileadmin/ruk/legislativa/2013/Vp_2013_12.pdf}},
}

@article{kingma2014adam,
  title={Adam: A method for stochastic optimization},
  author={Kingma, Diederik P and Ba, Jimmy},
  journal={arXiv preprint arXiv:1412.6980},
  year={2014}
}


